<?xml version="1.0" encoding="UTF-8"?><collection xmlns="http://www.loc.gov/MARC21/slim"><record><leader>00292nam--2200121-i-4500</leader><controlfield tag="001">000008529</controlfield><controlfield tag="002">20161230</controlfield><controlfield tag="005">20161230201027</controlfield><controlfield tag="008">060222s1000------------r-----000-0-eng-d</controlfield><datafield ind1=" " ind2=" " tag="080"><subfield code="a">669.2.8</subfield></datafield><datafield ind1=" " ind2=" " tag="245"><subfield code="a">Coatings</subfield></datafield><datafield ind1=" " ind2=" " tag="260"><subfield code="a">Brackenridge, Pa., Liberty Mirror Division, /F.A./ 46 P</subfield></datafield><datafield ind1=" " ind2=" " tag="852"><subfield code="a">28623</subfield></datafield></record></collection>